<record><leader>00000cas a22000007a 4500</leader><controlfield tag="001">9745463</controlfield><controlfield tag="008">830727d19121924nyuwr ne      0    0yidxd</controlfield><datafield ind1=" " ind2=" " tag="010"><subfield code="a">sn 83045077 </subfield></datafield><datafield ind1=" " ind2=" " tag="040"><subfield code="a">CRL</subfield><subfield code="b">eng</subfield><subfield code="c">CRL</subfield><subfield code="d">NPW</subfield><subfield code="d">CRL</subfield><subfield code="d">DLC</subfield><subfield code="d">MGN</subfield><subfield code="d">OCL</subfield><subfield code="d">OCLCQ</subfield><subfield code="d">OCLCF</subfield><subfield code="d">OCLCO</subfield><subfield code="d">YIVOL</subfield></datafield><datafield ind1=" " ind2=" " tag="066"><subfield code="c">(2</subfield></datafield><datafield ind1="1" ind2=" " tag="029"><subfield code="a">AU@</subfield><subfield code="b">000025808902</subfield></datafield><datafield ind1=" " ind2=" " tag="042"><subfield code="a">msc</subfield></datafield><datafield ind1=" " ind2=" " tag="043"><subfield code="a">n-us-ny</subfield></datafield><datafield ind1=" " ind2=" " tag="096"><subfield code="a">015006374/10</subfield></datafield><datafield ind1="0" ind2="3" tag="245"><subfield code="6">880-01</subfield><subfield code="a">Di Bruk&#803;lin Bronzv&#803;il post&#803; =</subfield><subfield code="b">The E.N.Y. &amp; Brownsville post.</subfield></datafield><datafield ind1="3" ind2="1" tag="246"><subfield code="a">E.N.Y. &amp; Brownsville post</subfield></datafield><datafield ind1="3" ind2="0" tag="246"><subfield code="a">East New York and Brownsville post</subfield></datafield><datafield ind1="3" ind2="1" tag="246"><subfield code="a">Brooklyn-Brownsville post</subfield></datafield><datafield ind1=" " ind2=" " tag="260"><subfield code="a">Brooklyn [N.Y.] :</subfield><subfield code="b">E.N.Y., Brooklyn and Brownsville Post Pub. Co.</subfield></datafield><datafield ind1=" " ind2=" " tag="300"><subfield code="a">v. :</subfield><subfield code="b">ill.</subfield></datafield><datafield ind1=" " ind2=" " tag="310"><subfield code="a">Weekly</subfield></datafield><datafield ind1="1" ind2=" " tag="362"><subfield code="a">Began in Mar. 1912; ceased in 1924?</subfield></datafield><datafield ind1=" " ind2=" " tag="500"><subfield code="a">Title varies slightly.</subfield></datafield><datafield ind1=" " ind2=" " tag="500"><subfield code="a">English title varies: Brooklyn-Brownsville post, Mar. 24, 1912-</subfield></datafield><datafield ind1="8" ind2=" " tag="521"><subfield code="a">"The largest Jewish weekly in Brooklyn."</subfield></datafield><datafield ind1=" " ind2=" " tag="530"><subfield code="a">Available on microfilm from the Center for Research Libraries.</subfield></datafield><datafield ind1=" " ind2=" " tag="546"><subfield code="a">In Yiddish.</subfield></datafield><datafield ind1=" " ind2=" " tag="588"><subfield code="a">Description based on: Vol. 3, no. 11 (Mar. 17, 1912).</subfield></datafield><datafield ind1=" " ind2="0" tag="650"><subfield code="a">Jewish newspapers</subfield><subfield code="z">New York (State)</subfield><subfield code="z">New York.</subfield></datafield><datafield ind1=" " ind2="7" tag="650"><subfield code="a">Jewish newspapers.</subfield><subfield code="2">fast</subfield><subfield code="0">(OCoLC)fst00982872</subfield></datafield><datafield ind1=" " ind2="7" tag="651"><subfield code="a">New York (State)</subfield><subfield code="z">New York.</subfield><subfield code="2">fast</subfield><subfield code="0">(OCoLC)fst01204333</subfield></datafield><datafield ind1=" " ind2=" " tag="752"><subfield code="a">United States</subfield><subfield code="b">New York</subfield><subfield code="c">Kings</subfield><subfield code="d">Brooklyn.</subfield></datafield><datafield ind1="0" ind2="0" tag="780"><subfield code="t">Ist&#803; Nyu York&#803;, Bruk&#803;lin un Bronzv&#803;il post&#803;</subfield><subfield code="w">(DLC)sn 95068747</subfield></datafield><datafield ind1="0" ind2="3" tag="880"><subfield code="6">245-01/(2/r</subfield><subfield code="a">&#1491;&#1497; &#1489;&#1512;&#1493;&#1511;&#1500;&#1497;&#1503;&#1470;&#1489;&#1512;&#1488;&#1504;&#1494;&#1520;&#1497;&#1500; &#1508;&#1488;&#1505;&#1496; =</subfield><subfield code="b">The E.N.Y. &amp; Brownsville post.</subfield></datafield></record>